<?xml version="1.0" encoding="UTF-8"?><collection xmlns="http://www.loc.gov/MARC21/slim"><record><leader>00411nam--2200157-i-4500</leader><controlfield tag="001">000046336</controlfield><controlfield tag="002">20161230</controlfield><controlfield tag="005">20161230201045</controlfield><controlfield tag="008">060222s1000------------r-----000-0-eng-d</controlfield><datafield ind1=" " ind2=" " tag="040"><subfield code="a">IFIN-HH</subfield></datafield><datafield ind1="1" ind2=" " tag="100"><subfield code="a">Vennard, John K</subfield></datafield><datafield ind1="1" ind2="0" tag="245"><subfield code="a">Elementary fluid mechanics</subfield><subfield code="c">John k. vennard</subfield></datafield><datafield ind1=" " ind2=" " tag="260"><subfield code="a">New York, John Wiley &amp; Sons, Inc.,1961</subfield></datafield><datafield ind1=" " ind2=" " tag="300"><subfield code="a">XIV+570 P</subfield></datafield><datafield ind1=" " ind2=" " tag="852"><subfield code="a">19043</subfield><subfield code="c">532</subfield></datafield><datafield ind1=" " ind2=" " tag="CAT"><subfield code="a">Sys</subfield><subfield code="c">20100713</subfield><subfield code="h">140742</subfield></datafield></record></collection>